%%%%%%%%%%%%%%%%%%%%%%%%%%%%%%%%%%%%%%%%%%%%%%%%%%%%%%%%%%%%%%%%%%%%%%%%%%%%%%%%
%%
%% Список литературы
%%
%%%%%%%%%%%%%%%%%%%%%%%%%%%%%%%%%%%%%%%%%%%%%%%%%%%%%%%%%%%%%%%%%%%%%%%%%%%%%%%%
@article{tiobe2018tiobe,
  title={TIOBE Programming Community index},
  author={Tiobe},
  year={2018}
}

@article{zeller2002simplifying,
  title={Simplifying and isolating failure-inducing input},
  author={Zeller, Andreas and Hildebrandt, Ralf},
  journal={IEEE Transactions on Software Engineering},
  volume={28},
  number={2},
  pages={183--200},
  year={2002},
  publisher={IEEE}
}
